
<record>
<header>
<identifier>oai:revistas.usp.br:article/102765</identifier>
<datestamp>2020-08-15T21:43:54Z</datestamp>
<setSpec>actafisiatrica:Art.+Orig.</setSpec>
<setSpec>driver</setSpec>
</header>
<metadata>
<record xmlns="http://www.loc.gov/MARC21/slim" xmlns:xsi="http://www.w3.org/2001/XMLSchema-instance" xsi:schemaLocation="http://www.loc.gov/MARC21/slim http://www.loc.gov/standards/marcxml/schema/MARC21slim.xsd">
<leader>     nmb a2200000Iu 4500</leader>
<controlfield tag="008">"070309 2007                        eng  "</controlfield>
<datafield tag="022" ind1="#" ind2="#">
<subfield code="$a">2317-0190</subfield>
</datafield>
<datafield tag="022" ind1="#" ind2="#">
<subfield code="$a">0104-7795</subfield>
</datafield>
<datafield tag="042" ind1=" " ind2=" ">
<subfield code="a">dc</subfield>
</datafield>
<datafield tag="245" ind1="0" ind2="0">
<subfield code="a">Avaliação computacional da impressão plantar: valores de referência do índice do arco em amostra da população brasileira</subfield>
</datafield>  <datafield tag="720" ind1="1" ind2=" ">
<subfield code="a">Ramos, Margot Guarieiro</subfield>
</datafield>
<datafield tag="720" ind1="1" ind2=" ">
<subfield code="a">Pereira, Fabricio Ramos Silvestre</subfield>
</datafield>
<datafield tag="720" ind1="1" ind2=" ">
<subfield code="a">Nucci, Anamarli</subfield>
<subfield code="u">Universidade Estadual de Campinas</subfield></datafield>
<datafield tag="520" ind1=" " ind2=" ">
<subfield code="a"> The presence of the medial longitudinal arch (MLA) is characteristic of the human feet and has been used for the classification of the normal, cavus and flat foot. The literature provides information on several methods and different techniques for the measurement of the MLA, each of them presenting advantages and disadvantages. We chose the footprint method and the measurement of arch index (AI) as an indirect evaluation of the MLA height. This method was chosen due to its simple, cost-effective and noninvasive characteristics. We followed the basic principles of the IA measurement proposed by Cavanagh &amp; Rodgers, but modified it, by introducing the footprint scanning and AI calculation using a software program created by one of the authors. A total of 100 footprints were analyzed from 25 male and 25 female healthy, nonobese subjects, with a mean age of 34.7 years, ranging from 10 to 59 years. The AI reference values obtained from a sample of the Brazilian population were 0.21&lt; IA &lt; 0.25. There was no significant statistical difference between the values obtained from the Brazilian and American samples. </subfield>
</datafield>
<datafield tag="260" ind1=" " ind2=" ">
<subfield code="b">Faculdade de Medicina, Universidade de São Paulo</subfield>
</datafield>
<dataField tag="260" ind1=" " ind2=" ">
<subfield code="c">2007-03-09 00:00:00</subfield>
</dataField>   <datafield tag="856" ind1=" " ind2=" ">
<subfield code="q">application/pdf</subfield>
</datafield>
<datafield tag="856" ind1=" " ind2=" ">
<subfield code="q">application/pdf</subfield>
</datafield>
<datafield tag="856" ind1="4" ind2="0">
<subfield code="u">https://www.revistas.usp.br/actafisiatrica/article/view/102765</subfield>
</datafield>  <datafield tag="786" ind1="0" ind2=" ">
<subfield code="n">Acta Fisiátrica; v. 14 n. 1 (2007)</subfield>
</datafield>  <datafield tag="546" ind1=" " ind2=" ">
<subfield code="a">eng</subfield>
</datafield>   <datafield tag="540" ind1=" " ind2=" ">
<subfield code="a">Copyright (c) 2007 Acta Fisiátrica</subfield>
</datafield>
</record>
</metadata>
</record>