
<record>
<header>
<identifier>oai:revistas.usp.br:article/102772</identifier>
<datestamp>2020-08-15T21:44:07Z</datestamp>
<setSpec>actafisiatrica:Art.+Orig.</setSpec>
<setSpec>driver</setSpec>
</header>
<metadata>
<record xmlns="http://www.loc.gov/MARC21/slim" xmlns:xsi="http://www.w3.org/2001/XMLSchema-instance" xsi:schemaLocation="http://www.loc.gov/MARC21/slim http://www.loc.gov/standards/marcxml/schema/MARC21slim.xsd">
<leader>     nmb a2200000Iu 4500</leader>
<controlfield tag="008">"070309 2007                        eng  "</controlfield>
<datafield tag="022" ind1="#" ind2="#">
<subfield code="$a">2317-0190</subfield>
</datafield>
<datafield tag="022" ind1="#" ind2="#">
<subfield code="$a">0104-7795</subfield>
</datafield>
<datafield tag="042" ind1=" " ind2=" ">
<subfield code="a">dc</subfield>
</datafield>
<datafield tag="245" ind1="0" ind2="0">
<subfield code="a">Efeitos da ginástica laboral em funcionários de teleatendimento</subfield>
</datafield>  <datafield tag="720" ind1="1" ind2=" ">
<subfield code="a">Resende, Márcia Colamarco Ferreira</subfield>
<subfield code="u">Pontifícia Universidade Católica de Minas Gerais</subfield></datafield>
<datafield tag="720" ind1="1" ind2=" ">
<subfield code="a">Tedeschi, Carolina Miranda</subfield>
</datafield>
<datafield tag="720" ind1="1" ind2=" ">
<subfield code="a">Bethônico, Fernanda Pinto</subfield>
</datafield>
<datafield tag="720" ind1="1" ind2=" ">
<subfield code="a">Martins, Thiago Torres Machado</subfield>
</datafield>
<datafield tag="520" ind1=" " ind2=" ">
<subfield code="a"> Work gymnastics (WG) is defined as the guided practice of physical exercises at the workplace, aiming at preventing body pains and posture weaknesses, increasing disposition to work, and promoting a greater integration among employees. Thus, the purposes of this study were to evaluate the WG effects on teleassistance employees of a health care insurance service, contributing to the reduction of these employees’ muscular pains and to investigate the difference of WG results when applied by either monitors or physical therapists. Methods: Three questionnaires were employed: Identification; Pain Topography and Intensity; and WG Evaluation, together with employees. Wilcoxon Signed Based Ranks was used for statistical analysis and Microsoft Excel, 2001 was used for the descriptive analysis. Guided practice lasted 15 minutes, 4 times a week for 4 months. The sample consisted of 24 teleassistance employees divided into two groups: morning shift, guided by a monitor (n=10) and afternoon shift, guided by a physical therapist (n=14). Results: Results have shown a significant improvement in pain perception only in the physical therapist-guided group (p=0.034); improvement regarding disposition to work, interaction with coworkers and satisfaction with the company, as well as stress and fatigue reduction were observed in both groups. Conclusion: We conclude that the WG program may be considered an easily implemented low-cost tool with apparently positive results on the health of employees, acting at the primary prevention level. </subfield>
</datafield>
<datafield tag="260" ind1=" " ind2=" ">
<subfield code="b">Faculdade de Medicina, Universidade de São Paulo</subfield>
</datafield>
<dataField tag="260" ind1=" " ind2=" ">
<subfield code="c">2007-03-09 00:00:00</subfield>
</dataField>   <datafield tag="856" ind1=" " ind2=" ">
<subfield code="q">application/pdf</subfield>
</datafield>
<datafield tag="856" ind1=" " ind2=" ">
<subfield code="q">application/pdf</subfield>
</datafield>
<datafield tag="856" ind1="4" ind2="0">
<subfield code="u">https://www.revistas.usp.br/actafisiatrica/article/view/102772</subfield>
</datafield>  <datafield tag="786" ind1="0" ind2=" ">
<subfield code="n">Acta Fisiátrica; v. 14 n. 1 (2007)</subfield>
</datafield>  <datafield tag="546" ind1=" " ind2=" ">
<subfield code="a">eng</subfield>
</datafield>   <datafield tag="540" ind1=" " ind2=" ">
<subfield code="a">Copyright (c) 2007 Acta Fisiátrica</subfield>
</datafield>
</record>
</metadata>
</record>