
<record>
<header>
<identifier>oai:revistas.usp.br:article/102774</identifier>
<datestamp>2020-08-15T21:44:11Z</datestamp>
<setSpec>actafisiatrica:Art.+Rev.</setSpec>
<setSpec>driver</setSpec>
</header>
<metadata>
<record xmlns="http://www.loc.gov/MARC21/slim" xmlns:xsi="http://www.w3.org/2001/XMLSchema-instance" xsi:schemaLocation="http://www.loc.gov/MARC21/slim http://www.loc.gov/standards/marcxml/schema/MARC21slim.xsd">
<leader>     nmb a2200000Iu 4500</leader>
<controlfield tag="008">"070309 2007                        eng  "</controlfield>
<datafield tag="022" ind1="#" ind2="#">
<subfield code="$a">2317-0190</subfield>
</datafield>
<datafield tag="022" ind1="#" ind2="#">
<subfield code="$a">0104-7795</subfield>
</datafield>
<datafield tag="042" ind1=" " ind2=" ">
<subfield code="a">dc</subfield>
</datafield>
<datafield tag="245" ind1="0" ind2="0">
<subfield code="a">Instrumentos de avaliação funcional de idosos submetidos à cirurgia ortopédica: revisão integrativa da literatura</subfield>
</datafield>  <datafield tag="720" ind1="1" ind2=" ">
<subfield code="a">Alvarenga, Márcia Regina Martins</subfield>
<subfield code="u">Universidade de São Paulo. Escola de Enfermagem</subfield></datafield>
<datafield tag="720" ind1="1" ind2=" ">
<subfield code="a">Mendoza, Isabel Yovana Quispe</subfield>
<subfield code="u">Universidade de São Paulo. Escola de Enfermagem</subfield></datafield>
<datafield tag="720" ind1="1" ind2=" ">
<subfield code="a">Faro, Ana Cristina Mancussi e</subfield>
<subfield code="u">Universidade de São Paulo. Escola de Enfermagem</subfield></datafield>
<datafield tag="520" ind1=" " ind2=" ">
<subfield code="a"> Illnesses from muscles and skeleton, constitute the cause of functional damage of elderly. Nevertheless they are not inevitable consequences of age and they should be approached as specific illnesses rather then being regarded as result of aging. All aspects of health must be accounted for the measurement of the elderly health (Full Geriatric Assessment). Objective: To review the scientific publication dealing with the functional condition of elderly after subjected to orthopedic surgery. Material and Method: Bibliographic research on articles as per listing in the following databases www.bireme.br, www.ncbi.nlm.nih.gov/pubmed, www.scopus.com and www.embase.com covering a period from 1996 to 2006. It has been adopted the terminology as per Science of Health (DeCs/Birene) and at Medical Subject Headings (MeSH/PubMed) that identified the key-words: elderly, daily activity, orthopedic surgery or orthopedic procedures, post-surgery and rehabilitation. The search was carried out on April 2006 and the inclusion criterion was that the test subjects should be older than 60 and subjected to any orthopedic surgery procedure. The references meeting this criterion were listed and analyzed in EpiInfo version 3.3.2. The variables were: title, year and country of publication, professional categories of the authors, country of origin of the study, objective of the research, number of assessment tools, types of assessment tools, site of the surgery, full report available on line. Results: 44 abstracts have been selected among of which 29 were available as full reports. The Journal of the American Geriatric Society was the one that has published the largest number of articles dealing with this issue and the US was the country that has issued the greatest number of publication. 75% of the articles fitted within medical category, 79.3% of the studies are descriptive, 69% of the surgeries were on the hips and 27.6% of the searches employed only one assessment tool. Among the dimensions that have been evaluated 43.6% dealt with functional status while 30.8% were about mental status. Final Notes: The functional dimension was the most investigated while the social dimension was not contemplated. Although the number of publication is increasing in the last years, it’s necessary that health service starts to incorporate the new paradigm of functional evaluation of the elderly health. </subfield>
</datafield>
<datafield tag="260" ind1=" " ind2=" ">
<subfield code="b">Faculdade de Medicina, Universidade de São Paulo</subfield>
</datafield>
<dataField tag="260" ind1=" " ind2=" ">
<subfield code="c">2007-03-09 00:00:00</subfield>
</dataField>   <datafield tag="856" ind1=" " ind2=" ">
<subfield code="q">application/pdf</subfield>
</datafield>
<datafield tag="856" ind1="4" ind2="0">
<subfield code="u">https://www.revistas.usp.br/actafisiatrica/article/view/102774</subfield>
</datafield>  <datafield tag="786" ind1="0" ind2=" ">
<subfield code="n">Acta Fisiátrica; v. 14 n. 1 (2007)</subfield>
</datafield>  <datafield tag="546" ind1=" " ind2=" ">
<subfield code="a">eng</subfield>
</datafield>   <datafield tag="540" ind1=" " ind2=" ">
<subfield code="a">Copyright (c) 2007 Acta Fisiátrica</subfield>
</datafield>
</record>
</metadata>
</record>