
<record>
<header>
<identifier>oai:revistas.usp.br:article/102775</identifier>
<datestamp>2020-08-15T21:44:15Z</datestamp>
<setSpec>actafisiatrica:Art.+Rev.</setSpec>
<setSpec>driver</setSpec>
</header>
<metadata>
<record xmlns="http://www.loc.gov/MARC21/slim" xmlns:xsi="http://www.w3.org/2001/XMLSchema-instance" xsi:schemaLocation="http://www.loc.gov/MARC21/slim http://www.loc.gov/standards/marcxml/schema/MARC21slim.xsd">
<leader>     nmb a2200000Iu 4500</leader>
<controlfield tag="008">"070309 2007                        eng  "</controlfield>
<datafield tag="022" ind1="#" ind2="#">
<subfield code="$a">2317-0190</subfield>
</datafield>
<datafield tag="022" ind1="#" ind2="#">
<subfield code="$a">0104-7795</subfield>
</datafield>
<datafield tag="042" ind1=" " ind2=" ">
<subfield code="a">dc</subfield>
</datafield>
<datafield tag="245" ind1="0" ind2="0">
<subfield code="a">Documentação da síndrome dolorosa miofascial por imagem infravermelha</subfield>
</datafield>  <datafield tag="720" ind1="1" ind2=" ">
<subfield code="a">Brioschi, Marcos Leal</subfield>
<subfield code="u">Universidade de São Paulo. Faculdade de Medicina</subfield></datafield>
<datafield tag="720" ind1="1" ind2=" ">
<subfield code="a">Yeng, Lin Tchia</subfield>
<subfield code="u">Universidade de São Paulo. Faculdade de Medicina</subfield></datafield>
<datafield tag="720" ind1="1" ind2=" ">
<subfield code="a">Pastor, Elda Matilde Hirose</subfield>
<subfield code="u">Universidade de São Paulo. Faculdade de Medicina</subfield></datafield>
<datafield tag="720" ind1="1" ind2=" ">
<subfield code="a">Colman, Daniel</subfield>
<subfield code="u">Universidade Federal do Paraná</subfield></datafield>
<datafield tag="720" ind1="1" ind2=" ">
<subfield code="a">Silva, Francisco Miguel Roberto Moraes</subfield>
<subfield code="u">Universidade Federal do Paraná</subfield></datafield>
<datafield tag="720" ind1="1" ind2=" ">
<subfield code="a">Teixeira, Manoel Jacobsen</subfield>
<subfield code="u">Universidade de São Paulo. Faculdade de Medicina</subfield></datafield>
<datafield tag="520" ind1=" " ind2=" ">
<subfield code="a"> The myofascial trigger points (TP) are involved as much pathologies of hyperextension/hyperflexion cervical injuries, disc injuries, and overuse injuries. One of the basic indications and clinical uses of infrared (IR) imaging is documentation of soft tissue pathology, particularly in conditions which cannot be demonstrated on radiologic tests, electroneuromyography or laboratory workup. The authors review the literature regarding IR imaging in the documentation of myofascial pain syndrome. The IR imaging is a diagnostic test which objectively documents TP in the form of hyperradiant hot spots. These hyperradiant spots corresponding to areas of pain usually represent active TP in clinical examination. They can be corroborated by local tenderness in the region, thus confirming the patient’s complaint. The areas of pain are presented as thermal asymmetry between corresponding areas of opposite sides of the body. Latent TP, not subject to patient complaints at the time of IR imaging examination, are detected in the form of hyperradiant spots. The presence of these latent TP can be documented by abnormal pressure threshold measurement in these areas. There was an alteration of the skin thermal profile after TP local anesthesia/dry needling demonstrating an immediate neurovegetative sympathetic response. The IR imaging findings represent an objective mean to document TP, thus corroborating with the subjective patient’s complaints. The documentation of TP by IR imaging is important to introduce the most adequate treatment directed the pain cause as well as to evaluate its response. </subfield>
</datafield>
<datafield tag="260" ind1=" " ind2=" ">
<subfield code="b">Faculdade de Medicina, Universidade de São Paulo</subfield>
</datafield>
<dataField tag="260" ind1=" " ind2=" ">
<subfield code="c">2007-03-09 00:00:00</subfield>
</dataField>   <datafield tag="856" ind1=" " ind2=" ">
<subfield code="q">application/pdf</subfield>
</datafield>
<datafield tag="856" ind1=" " ind2=" ">
<subfield code="q">application/pdf</subfield>
</datafield>
<datafield tag="856" ind1="4" ind2="0">
<subfield code="u">https://www.revistas.usp.br/actafisiatrica/article/view/102775</subfield>
</datafield>  <datafield tag="786" ind1="0" ind2=" ">
<subfield code="n">Acta Fisiátrica; v. 14 n. 1 (2007)</subfield>
</datafield>  <datafield tag="546" ind1=" " ind2=" ">
<subfield code="a">eng</subfield>
</datafield>   <datafield tag="540" ind1=" " ind2=" ">
<subfield code="a">Copyright (c) 2007 Acta Fisiátrica</subfield>
</datafield>
</record>
</metadata>
</record>