
<record>
<header>
<identifier>oai:revistas.usp.br:article/102777</identifier>
<datestamp>2020-08-15T21:44:19Z</datestamp>
<setSpec>actafisiatrica:Art.+Rev.</setSpec>
<setSpec>driver</setSpec>
</header>
<metadata>
<record xmlns="http://www.loc.gov/MARC21/slim" xmlns:xsi="http://www.w3.org/2001/XMLSchema-instance" xsi:schemaLocation="http://www.loc.gov/MARC21/slim http://www.loc.gov/standards/marcxml/schema/MARC21slim.xsd">
<leader>     nmb a2200000Iu 4500</leader>
<controlfield tag="008">"070309 2007                        eng  "</controlfield>
<datafield tag="022" ind1="#" ind2="#">
<subfield code="$a">2317-0190</subfield>
</datafield>
<datafield tag="022" ind1="#" ind2="#">
<subfield code="$a">0104-7795</subfield>
</datafield>
<datafield tag="042" ind1=" " ind2=" ">
<subfield code="a">dc</subfield>
</datafield>
<datafield tag="245" ind1="0" ind2="0">
<subfield code="a">Métodos de avaliação dos movimentos escapulares durante a elevação dos membros superiores: uma revisão crítica da literatura</subfield>
</datafield>  <datafield tag="720" ind1="1" ind2=" ">
<subfield code="a">Faria, Cristina Danielli Coelho de Morais</subfield>
<subfield code="u">Universidade Federal de Minas Gerais</subfield></datafield>
<datafield tag="720" ind1="1" ind2=" ">
<subfield code="a">Penido, Helen Cristina</subfield>
<subfield code="u">Universidade Federal de Minas Gerais</subfield></datafield>
<datafield tag="720" ind1="1" ind2=" ">
<subfield code="a">Teixeira-Salmela, Luci Fuscaldi</subfield>
<subfield code="u">Universidade Federal de Minas Gerais</subfield></datafield>
<datafield tag="520" ind1=" " ind2=" ">
<subfield code="a"> Objective: To carry out a literature review on methods to assess scapular movements during upper limb elevation and point out their advantages, disadvantages, and limitations. Methods: The search was performed assessing MEDLINE, SCIELO, LILACS e PEDro databases with key words related to the subject. To be included, the studies would have to be published in Portuguese/English/Spanish/ French until the last day of 2005 and have assessed scapular movement during upper limb elevation. The exclusion criterion included assessments in the decubitus position. Results: one hundred eighty-one different studies were found and after the verification of the established criteria, 29 were selected for the analysis, which were divided into four groups: bidimensional static, bidimensional dynamic, three-dimensional static and three-dimensional dynamic assessment methods. Despite the variety of assessment techniques, a method that shows clinical applicability and is able to carry out measurements related to the functional movements of the scapula is yet to be developed. Another problem found was the lack of standardization of the terminology regarding movements, planes and axes. Furthermore, the three-dimensional methods applicable to scientific studies showed important limitations, such as high cost, need for specialized human resources, and measurement errors, which could be significant when determining changes in scapular kinematics. Conclusion: It is essential to standardize the terminology used to describe scapular movements, planes and axes and to develop complete functional assessment methods with clinical applicability, reliability and validity. </subfield>
</datafield>
<datafield tag="260" ind1=" " ind2=" ">
<subfield code="b">Faculdade de Medicina, Universidade de São Paulo</subfield>
</datafield>
<dataField tag="260" ind1=" " ind2=" ">
<subfield code="c">2007-03-09 00:00:00</subfield>
</dataField>   <datafield tag="856" ind1=" " ind2=" ">
<subfield code="q">application/pdf</subfield>
</datafield>
<datafield tag="856" ind1=" " ind2=" ">
<subfield code="q">application/pdf</subfield>
</datafield>
<datafield tag="856" ind1="4" ind2="0">
<subfield code="u">https://www.revistas.usp.br/actafisiatrica/article/view/102777</subfield>
</datafield>  <datafield tag="786" ind1="0" ind2=" ">
<subfield code="n">Acta Fisiátrica; v. 14 n. 1 (2007)</subfield>
</datafield>  <datafield tag="546" ind1=" " ind2=" ">
<subfield code="a">eng</subfield>
</datafield>   <datafield tag="540" ind1=" " ind2=" ">
<subfield code="a">Copyright (c) 2007 Acta Fisiátrica</subfield>
</datafield>
</record>
</metadata>
</record>