
<record>
<header>
<identifier>oai:revistas.usp.br:article/102792</identifier>
<datestamp>2020-08-15T21:47:12Z</datestamp>
<setSpec>actafisiatrica:Art.+Orig.</setSpec>
<setSpec>driver</setSpec>
</header>
<metadata>
<record xmlns="http://www.loc.gov/MARC21/slim" xmlns:xsi="http://www.w3.org/2001/XMLSchema-instance" xsi:schemaLocation="http://www.loc.gov/MARC21/slim http://www.loc.gov/standards/marcxml/schema/MARC21slim.xsd">
<leader>     nmb a2200000Iu 4500</leader>
<controlfield tag="008">"070609 2007                        eng  "</controlfield>
<datafield tag="022" ind1="#" ind2="#">
<subfield code="$a">2317-0190</subfield>
</datafield>
<datafield tag="022" ind1="#" ind2="#">
<subfield code="$a">0104-7795</subfield>
</datafield>
<datafield tag="042" ind1=" " ind2=" ">
<subfield code="a">dc</subfield>
</datafield>
<datafield tag="245" ind1="0" ind2="0">
<subfield code="a">Correlação do perfil de deambulação e velocidade da marcha em um grupo de pacientes hemiplégicos atendidos em um centro de reabilitação</subfield>
</datafield>  <datafield tag="720" ind1="1" ind2=" ">
<subfield code="a">Franzoi, Ana Cristina</subfield>
<subfield code="u">Universidade Federal do Rio de Janeiro</subfield></datafield>
<datafield tag="720" ind1="1" ind2=" ">
<subfield code="a">Kagohara, Nelson Shigueru</subfield>
<subfield code="u">Associação Brasileira Beneficente de Reabilitação</subfield></datafield>
<datafield tag="520" ind1=" " ind2=" ">
<subfield code="a"> The gait of hemiplegic patients is characterized by decreased velocity and asymmetry, which brings limitations to the activities of daily living and restrictions in the individual’s social integration. The aim of this study was to describe the functional ambulation profile in this group of patients and correlate it with gait velocity. Methods: 87 patients were evaluated using the Modified Functional Gait Classification (MFGC), gait velocity at 10 meters, with the identification of the need for help and use of public transportation. Statistical analysis: descriptive analysis; comparison between groups and correlation tests (p≤0.05). Results: 49 male individuals, with a mean age of 54 yrs, mean injury time of 33 months. Three patients performed therapeutic gait, 10 at-home gait, 29 restricted community gait, 43 community gait and 2 presented normal gait. Regarding gait assistance: 38 patients needed help or supervision from others, 45 used public transportation, 59 did not need gait support. Gait velocity was different among the groups divided by the gait functional type, need for others’ help and use of public transportation, correlated with age, MFGC, help from others and use of public transportation. Conclusion: 85% of the sample performed community gait, but only 55% did it independently. There was a correlation between gait velocity and the functional types of gait evaluated, with gait velocity thresholds being established for the different groups. </subfield>
</datafield>
<datafield tag="260" ind1=" " ind2=" ">
<subfield code="b">Faculdade de Medicina, Universidade de São Paulo</subfield>
</datafield>
<dataField tag="260" ind1=" " ind2=" ">
<subfield code="c">2007-06-09 00:00:00</subfield>
</dataField>   <datafield tag="856" ind1=" " ind2=" ">
<subfield code="q">application/pdf</subfield>
</datafield>
<datafield tag="856" ind1=" " ind2=" ">
<subfield code="q">application/pdf</subfield>
</datafield>
<datafield tag="856" ind1="4" ind2="0">
<subfield code="u">https://www.revistas.usp.br/actafisiatrica/article/view/102792</subfield>
</datafield>  <datafield tag="786" ind1="0" ind2=" ">
<subfield code="n">Acta Fisiátrica; v. 14 n. 2 (2007)</subfield>
</datafield>  <datafield tag="546" ind1=" " ind2=" ">
<subfield code="a">eng</subfield>
</datafield>   <datafield tag="540" ind1=" " ind2=" ">
<subfield code="a">Copyright (c) 2007 Acta Fisiátrica</subfield>
</datafield>
</record>
</metadata>
</record>