
<record>
<header>
<identifier>oai:revistas.usp.br:article/102794</identifier>
<datestamp>2020-08-15T21:47:18Z</datestamp>
<setSpec>actafisiatrica:Art.+Orig.</setSpec>
<setSpec>driver</setSpec>
</header>
<metadata>
<record xmlns="http://www.loc.gov/MARC21/slim" xmlns:xsi="http://www.w3.org/2001/XMLSchema-instance" xsi:schemaLocation="http://www.loc.gov/MARC21/slim http://www.loc.gov/standards/marcxml/schema/MARC21slim.xsd">
<leader>     nmb a2200000Iu 4500</leader>
<controlfield tag="008">"070609 2007                        eng  "</controlfield>
<datafield tag="022" ind1="#" ind2="#">
<subfield code="$a">2317-0190</subfield>
</datafield>
<datafield tag="022" ind1="#" ind2="#">
<subfield code="$a">0104-7795</subfield>
</datafield>
<datafield tag="042" ind1=" " ind2=" ">
<subfield code="a">dc</subfield>
</datafield>
<datafield tag="245" ind1="0" ind2="0">
<subfield code="a">Efeitos da estimulação elétrica funcional (FES) sobre o padrão de marcha de um paciente hemiparético</subfield>
</datafield>  <datafield tag="720" ind1="1" ind2=" ">
<subfield code="a">Schuster, Rodrigo Costa</subfield>
<subfield code="u">Universidade Federal do Rio Grande do Sul</subfield></datafield>
<datafield tag="720" ind1="1" ind2=" ">
<subfield code="a">Sant, Cíntia Ribeiro de</subfield>
<subfield code="u">Universidade de Passo Fundo</subfield></datafield>
<datafield tag="720" ind1="1" ind2=" ">
<subfield code="a">Dalbosco, Vania</subfield>
<subfield code="u">Universidade de Passo Fundo</subfield></datafield>
<datafield tag="520" ind1=" " ind2=" ">
<subfield code="a"> The cerebral vascular illness results of the restriction of the sanguine irrigation to the brain, generating cellular injuries and neurological lack of function, they are referring to the motor function, sensorial, cognitive, of the perception or the language. The motor disfunction is one of the problems frequently found in the stroke, this will reflect in a gait, whose measurable parameters, such as: speed, cadence, symmetries, time and length of step and passing, they will suffer deficit alterations. This study was considered to verify it the effect of the Functional Electrical Stimulation (FES) quantifying muscular force and vigor, amplitude of movement, secular parameters space of the headway and the plantar pressure before and after intervention in a hemiparetic patient using the chain of the type FES in the previous tibial muscle for 30 min, with width of pulse of 250 μs, frequency of 50 Hz, Ton 06s and Toff 12s in a period of 45 days, three times per week, totalizing 20 sessions. The eletroestimulation was considered insurance and effective in the treatment of the atrophy of disuse, beyond being useful in the maintenance of the amplitude of movement, in the muscular re-education evidenced by the improvement of the parameters of gait and the muscular force. </subfield>
</datafield>
<datafield tag="260" ind1=" " ind2=" ">
<subfield code="b">Faculdade de Medicina, Universidade de São Paulo</subfield>
</datafield>
<dataField tag="260" ind1=" " ind2=" ">
<subfield code="c">2007-06-09 00:00:00</subfield>
</dataField>   <datafield tag="856" ind1=" " ind2=" ">
<subfield code="q">application/pdf</subfield>
</datafield>
<datafield tag="856" ind1=" " ind2=" ">
<subfield code="q">application/pdf</subfield>
</datafield>
<datafield tag="856" ind1="4" ind2="0">
<subfield code="u">https://www.revistas.usp.br/actafisiatrica/article/view/102794</subfield>
</datafield>  <datafield tag="786" ind1="0" ind2=" ">
<subfield code="n">Acta Fisiátrica; v. 14 n. 2 (2007)</subfield>
</datafield>  <datafield tag="546" ind1=" " ind2=" ">
<subfield code="a">eng</subfield>
</datafield>   <datafield tag="540" ind1=" " ind2=" ">
<subfield code="a">Copyright (c) 2007 Acta Fisiátrica</subfield>
</datafield>
</record>
</metadata>
</record>