
<record>
<header>
<identifier>oai:revistas.usp.br:article/102797</identifier>
<datestamp>2020-08-15T21:47:26Z</datestamp>
<setSpec>actafisiatrica:Art.+Orig.</setSpec>
<setSpec>driver</setSpec>
</header>
<metadata>
<record xmlns="http://www.loc.gov/MARC21/slim" xmlns:xsi="http://www.w3.org/2001/XMLSchema-instance" xsi:schemaLocation="http://www.loc.gov/MARC21/slim http://www.loc.gov/standards/marcxml/schema/MARC21slim.xsd">
<leader>     nmb a2200000Iu 4500</leader>
<controlfield tag="008">"070609 2007                        eng  "</controlfield>
<datafield tag="022" ind1="#" ind2="#">
<subfield code="$a">2317-0190</subfield>
</datafield>
<datafield tag="022" ind1="#" ind2="#">
<subfield code="$a">0104-7795</subfield>
</datafield>
<datafield tag="042" ind1=" " ind2=" ">
<subfield code="a">dc</subfield>
</datafield>
<datafield tag="245" ind1="0" ind2="0">
<subfield code="a">Medidas clínicas da coxa e da perna por meio de reparos anatômicos e correlação com o comprimento radiográfico em crianças entre 7 a 12 anos da cidade de Londrina/Paraná, Brasil</subfield>
</datafield>  <datafield tag="720" ind1="1" ind2=" ">
<subfield code="a">Pazin, Adriana Prueter</subfield>
<subfield code="u">Hospital Infantil de Londrina</subfield></datafield>
<datafield tag="720" ind1="1" ind2=" ">
<subfield code="a">Dal Molin, Ellen Mara Canesin</subfield>
<subfield code="u">Clínica de Fisiatria e Reabilitação de Londrina</subfield></datafield>
<datafield tag="720" ind1="1" ind2=" ">
<subfield code="a">Santana, Paulo José</subfield>
<subfield code="u">Universidade Estadual de Londrina</subfield></datafield>
<datafield tag="720" ind1="1" ind2=" ">
<subfield code="a">Dal Molin, Eden</subfield>
<subfield code="u">Universidade Estadual de Londrina</subfield></datafield>
<datafield tag="720" ind1="1" ind2=" ">
<subfield code="a">Dal Molin, Danilo Canesin</subfield>
<subfield code="u">Universidade Estadual de Londrina</subfield></datafield>
<datafield tag="720" ind1="1" ind2=" ">
<subfield code="a">Guarniero, Roberto</subfield>
<subfield code="u">Universidade de São Paulo</subfield></datafield>
<datafield tag="520" ind1=" " ind2=" ">
<subfield code="a"> Limb length discrepancies are common in the general population, but they only cause functional problems when they are over 1.5 cm. Objective: To make a correlation between clinical and radiological assessments of children´s thigh and leg lengths between 7-12 yrs, through slit scanogram measurement. Method: Prospective study of limb length in 300 children between 7-12 yrs, of both sexes, through clinical measurement using a measuring tape and radiographic assessment using the supine slit scanogram technique. The correlation between the assessments was made by simple linear regression. Results and discussion: The statistical analysis showed that there are differences between the clinical and the radiographic assessments (p&lt;0.05). The simple linear regression was used to verify the correlation and to define the correlation equation. Using this equation, it is possible to define the radiographic values based on the clinical assessment. Conclusion: The clinical and radiographic assessments are statistically different; however, there is a correlation between them, which allows the use of an equation to predict the radiographic values based on the clinical assessment. </subfield>
</datafield>
<datafield tag="260" ind1=" " ind2=" ">
<subfield code="b">Faculdade de Medicina, Universidade de São Paulo</subfield>
</datafield>
<dataField tag="260" ind1=" " ind2=" ">
<subfield code="c">2007-06-09 00:00:00</subfield>
</dataField>   <datafield tag="856" ind1=" " ind2=" ">
<subfield code="q">application/pdf</subfield>
</datafield>
<datafield tag="856" ind1=" " ind2=" ">
<subfield code="q">application/pdf</subfield>
</datafield>
<datafield tag="856" ind1="4" ind2="0">
<subfield code="u">https://www.revistas.usp.br/actafisiatrica/article/view/102797</subfield>
</datafield>  <datafield tag="786" ind1="0" ind2=" ">
<subfield code="n">Acta Fisiátrica; v. 14 n. 2 (2007)</subfield>
</datafield>  <datafield tag="546" ind1=" " ind2=" ">
<subfield code="a">eng</subfield>
</datafield>   <datafield tag="540" ind1=" " ind2=" ">
<subfield code="a">Copyright (c) 2007 Acta Fisiátrica</subfield>
</datafield>
</record>
</metadata>
</record>