
<record>
<header>
<identifier>oai:revistas.usp.br:article/102798</identifier>
<datestamp>2020-08-15T21:47:30Z</datestamp>
<setSpec>actafisiatrica:Art.+Orig.</setSpec>
<setSpec>driver</setSpec>
</header>
<metadata>
<record xmlns="http://www.loc.gov/MARC21/slim" xmlns:xsi="http://www.w3.org/2001/XMLSchema-instance" xsi:schemaLocation="http://www.loc.gov/MARC21/slim http://www.loc.gov/standards/marcxml/schema/MARC21slim.xsd">
<leader>     nmb a2200000Iu 4500</leader>
<controlfield tag="008">"070609 2007                        eng  "</controlfield>
<datafield tag="022" ind1="#" ind2="#">
<subfield code="$a">2317-0190</subfield>
</datafield>
<datafield tag="022" ind1="#" ind2="#">
<subfield code="$a">0104-7795</subfield>
</datafield>
<datafield tag="042" ind1=" " ind2=" ">
<subfield code="a">dc</subfield>
</datafield>
<datafield tag="245" ind1="0" ind2="0">
<subfield code="a">Retorno ao trabalho em amputados dos membros inferiores</subfield>
</datafield>  <datafield tag="720" ind1="1" ind2=" ">
<subfield code="a">Guarino, Priscila</subfield>
<subfield code="u">Universidade Federal de São Paulo</subfield></datafield>
<datafield tag="720" ind1="1" ind2=" ">
<subfield code="a">Chamlian, Therezinha Rosane</subfield>
<subfield code="u">Universidade Federal de São Paulo</subfield></datafield>
<datafield tag="720" ind1="1" ind2=" ">
<subfield code="a">Masiero, Danilo</subfield>
<subfield code="u">Universidade Federal de São Paulo</subfield></datafield>
<datafield tag="520" ind1=" " ind2=" ">
<subfield code="a"> O retorno ao trabalho deve ser incentivado, pois proporciona bem estar, melhora da auto-estima e do convívio social, além de dar mais um sentido a vida. Objetivo: Verificar a situação atual de trabalho e o uso de próteses de membros inferiores em amputados atendidos no Lar Escola São Francisco - Centro de Reabilitação – UNIFESP, São Paulo. Métodos: Estudo retrospectivo dos pacientes atendidos de 1999 a 2005, com amputação de membros inferiores, com idade acima de 18 anos, que estivessem trabalhando ou estudando na época da amputação. A amostra foi composta por 78 amputados, 61 homens e 17 mulheres, com média de idade de 46,3 anos. Cinqüenta por cento eram transfemurais e 34,6% transtibiais. A vasculopatia foi a mais prevalente das causas de amputação (62,8%). Cinquenta e um pacientes (65,4%) tinham grau de instrução fundamental. Realizada entrevista, por telefone, no período de dezembro de 2006 e janeiro de 2007. Resultados: Sessenta e quatro por cento dos pacientes estavam em uso de prótese de membro inferior no momento da entrevista. A taxa de retorno ao trabalho foi de 10,2%, sendo todos para a mesma ocupação pré-amputação. Conclusão: Baixa taxa de retorno ao trabalho de amputados de membros inferiores reabilitados com próteses. Alguns fatores, tais como, idade avançada na época da amputação e baixo nível de instrução podem ser responsáveis por estes resultados. Outros estudos precisam ser realizados para melhor análise desta situação. </subfield>
</datafield>
<datafield tag="260" ind1=" " ind2=" ">
<subfield code="b">Faculdade de Medicina, Universidade de São Paulo</subfield>
</datafield>
<dataField tag="260" ind1=" " ind2=" ">
<subfield code="c">2007-06-09 00:00:00</subfield>
</dataField>   <datafield tag="856" ind1=" " ind2=" ">
<subfield code="q">application/pdf</subfield>
</datafield>
<datafield tag="856" ind1=" " ind2=" ">
<subfield code="q">application/pdf</subfield>
</datafield>
<datafield tag="856" ind1="4" ind2="0">
<subfield code="u">https://www.revistas.usp.br/actafisiatrica/article/view/102798</subfield>
</datafield>  <datafield tag="786" ind1="0" ind2=" ">
<subfield code="n">Acta Fisiátrica; v. 14 n. 2 (2007)</subfield>
</datafield>  <datafield tag="546" ind1=" " ind2=" ">
<subfield code="a">por</subfield>
</datafield>   <datafield tag="540" ind1=" " ind2=" ">
<subfield code="a">Copyright (c) 2007 Acta Fisiátrica</subfield>
</datafield>
</record>
</metadata>
</record>