
<record>
<header>
<identifier>oai:revistas.usp.br:article/102799</identifier>
<datestamp>2020-08-15T21:47:34Z</datestamp>
<setSpec>actafisiatrica:Art.+Rev.</setSpec>
<setSpec>driver</setSpec>
</header>
<metadata>
<record xmlns="http://www.loc.gov/MARC21/slim" xmlns:xsi="http://www.w3.org/2001/XMLSchema-instance" xsi:schemaLocation="http://www.loc.gov/MARC21/slim http://www.loc.gov/standards/marcxml/schema/MARC21slim.xsd">
<leader>     nmb a2200000Iu 4500</leader>
<controlfield tag="008">"070609 2007                        eng  "</controlfield>
<datafield tag="022" ind1="#" ind2="#">
<subfield code="$a">2317-0190</subfield>
</datafield>
<datafield tag="022" ind1="#" ind2="#">
<subfield code="$a">0104-7795</subfield>
</datafield>
<datafield tag="042" ind1=" " ind2=" ">
<subfield code="a">dc</subfield>
</datafield>
<datafield tag="245" ind1="0" ind2="0">
<subfield code="a">Teste de força de preensão utilizando o dinamômetro Jamar</subfield>
</datafield>  <datafield tag="720" ind1="1" ind2=" ">
<subfield code="a">Figueiredo, Iêda Maria</subfield>
<subfield code="u">Hospital Maria Amélia Lins</subfield></datafield>
<datafield tag="720" ind1="1" ind2=" ">
<subfield code="a">Sampaio, Rosana Ferreira</subfield>
<subfield code="u">Universidade Federal de Minas Gerais</subfield></datafield>
<datafield tag="720" ind1="1" ind2=" ">
<subfield code="a">Mancini, Marisa Cota</subfield>
<subfield code="u">Universidade Federal de Minas Gerais</subfield></datafield>
<datafield tag="720" ind1="1" ind2=" ">
<subfield code="a">Silva, Fabiana Caetano Martins</subfield>
<subfield code="u">Universidade Federal de Minas Gerais</subfield></datafield>
<datafield tag="720" ind1="1" ind2=" ">
<subfield code="a">Souza, Mariana Angélica Peixoto</subfield>
<subfield code="u">Universidade Federal de Minas Gerais</subfield></datafield>
<datafield tag="520" ind1=" " ind2=" ">
<subfield code="a"> The measurement of grip strength is an important element in hand rehabilitation. Tests of grip strength are often used to assess patients with upper extremity disorders, before and after therapeutic procedures. These tests are simple to administer and if properly conducted, they provide objective information that may contribute to the analysis of hand function. The test protocol must be carefully developed and adequately followed. A well-recommended instrument in the literature is the Jamar dynamometer, with high rates of reliability and validity. This instrument has been accepted as a gold standard for the measurement of grip strength and has been frequently used in clinical practice by occupational and physical therapists. The present study reviews some aspects involved in the measurement of grip strength using the Jamar dynamometer, including the instrument reliability and precision, a suggested protocol for its use, important variables that may influence the results, the use of normative data and the factors that influence grip strength such as the individual’s sex, age, weight and height. Recommendations are made regarding these variables in order to help the clinicians’ conduct appropriate assessments of grip strength. </subfield>
</datafield>
<datafield tag="260" ind1=" " ind2=" ">
<subfield code="b">Faculdade de Medicina, Universidade de São Paulo</subfield>
</datafield>
<dataField tag="260" ind1=" " ind2=" ">
<subfield code="c">2007-06-09 00:00:00</subfield>
</dataField>   <datafield tag="856" ind1=" " ind2=" ">
<subfield code="q">application/pdf</subfield>
</datafield>
<datafield tag="856" ind1=" " ind2=" ">
<subfield code="q">application/pdf</subfield>
</datafield>
<datafield tag="856" ind1="4" ind2="0">
<subfield code="u">https://www.revistas.usp.br/actafisiatrica/article/view/102799</subfield>
</datafield>  <datafield tag="786" ind1="0" ind2=" ">
<subfield code="n">Acta Fisiátrica; v. 14 n. 2 (2007)</subfield>
</datafield>  <datafield tag="546" ind1=" " ind2=" ">
<subfield code="a">eng</subfield>
</datafield>   <datafield tag="540" ind1=" " ind2=" ">
<subfield code="a">Copyright (c) 2007 Acta Fisiátrica</subfield>
</datafield>
</record>
</metadata>
</record>