
<record>
<header>
<identifier>oai:revistas.usp.br:article/102800</identifier>
<datestamp>2020-08-15T21:47:38Z</datestamp>
<setSpec>actafisiatrica:Rel.+Caso</setSpec>
<setSpec>driver</setSpec>
</header>
<metadata>
<record xmlns="http://www.loc.gov/MARC21/slim" xmlns:xsi="http://www.w3.org/2001/XMLSchema-instance" xsi:schemaLocation="http://www.loc.gov/MARC21/slim http://www.loc.gov/standards/marcxml/schema/MARC21slim.xsd">
<leader>     nmb a2200000Iu 4500</leader>
<controlfield tag="008">"070609 2007                        eng  "</controlfield>
<datafield tag="022" ind1="#" ind2="#">
<subfield code="$a">2317-0190</subfield>
</datafield>
<datafield tag="022" ind1="#" ind2="#">
<subfield code="$a">0104-7795</subfield>
</datafield>
<datafield tag="042" ind1=" " ind2=" ">
<subfield code="a">dc</subfield>
</datafield>
<datafield tag="245" ind1="0" ind2="0">
<subfield code="a">Proposta de exercícios resistidos para pessoas com esclerose múltipla: um estudo de caso</subfield>
</datafield>  <datafield tag="720" ind1="1" ind2=" ">
<subfield code="a">Furtado, Otávio Luis Piva da Cunha</subfield>
<subfield code="u">Universidade Estadual de Campinas</subfield></datafield>
<datafield tag="720" ind1="1" ind2=" ">
<subfield code="a">Tavares, Maria da Consolação Gomes Cunha Fernandes</subfield>
<subfield code="u">Universidade Estadual de Campinas</subfield></datafield>
<datafield tag="520" ind1=" " ind2=" ">
<subfield code="a"> In this study we sought to standardize, propose and apply an adapted resistance exercise program for a group of people with multiple sclerosis (MS). An invitation was made to 80 people attending an institution for people with MS in the city of Campinas, state of Sao Paulo, Brazil. Neurological disability and impairment were determined by the Expanded Disability Status Scale (EDSS). To evaluate the functional capacity we used the Functional Independence Measure (FIM), walking time (10 feet), the Timed “Up and Go” test, the Box and Block test and the Functional Reach test. The resistance exercise program lasted 10 weeks with two weekly sessions. The nine participants were divided in Group 1 (4 sedentary people) and Group 2 (5 people that regularly participated in other physical exercise programs). One individual from Group 1 completed the program with high compliance, showing no alterations at the EDSS and FIM scores. There was a reduction in the 10 feet walking time (- 21%) and at the Timed “Up and Go” test time (- 12.8%). The Box and Block test showed improvement: dominant limb (2.1%) and non-dominant limb (6.7%), but the Functional reach test deteriorated (- 7.5%). The results of this study are in agreement with the international literature, indicating the adequacy and safety of a resistance exercise program in the improvement of functional aspects for people with MS. </subfield>
</datafield>
<datafield tag="260" ind1=" " ind2=" ">
<subfield code="b">Faculdade de Medicina, Universidade de São Paulo</subfield>
</datafield>
<dataField tag="260" ind1=" " ind2=" ">
<subfield code="c">2007-06-09 00:00:00</subfield>
</dataField>   <datafield tag="856" ind1=" " ind2=" ">
<subfield code="q">application/pdf</subfield>
</datafield>
<datafield tag="856" ind1=" " ind2=" ">
<subfield code="q">application/pdf</subfield>
</datafield>
<datafield tag="856" ind1="4" ind2="0">
<subfield code="u">https://www.revistas.usp.br/actafisiatrica/article/view/102800</subfield>
</datafield>  <datafield tag="786" ind1="0" ind2=" ">
<subfield code="n">Acta Fisiátrica; v. 14 n. 2 (2007)</subfield>
</datafield>  <datafield tag="546" ind1=" " ind2=" ">
<subfield code="a">eng</subfield>
</datafield>   <datafield tag="540" ind1=" " ind2=" ">
<subfield code="a">Copyright (c) 2007 Acta Fisiátrica</subfield>
</datafield>
</record>
</metadata>
</record>