
<record>
<header>
<identifier>oai:revistas.usp.br:article/102812</identifier>
<datestamp>2020-08-15T21:50:00Z</datestamp>
<setSpec>actafisiatrica:Art.+Orig.</setSpec>
<setSpec>driver</setSpec>
</header>
<metadata>
<record xmlns="http://www.loc.gov/MARC21/slim" xmlns:xsi="http://www.w3.org/2001/XMLSchema-instance" xsi:schemaLocation="http://www.loc.gov/MARC21/slim http://www.loc.gov/standards/marcxml/schema/MARC21slim.xsd">
<leader>     nmb a2200000Iu 4500</leader>
<controlfield tag="008">"070909 2007                        eng  "</controlfield>
<datafield tag="022" ind1="#" ind2="#">
<subfield code="$a">2317-0190</subfield>
</datafield>
<datafield tag="022" ind1="#" ind2="#">
<subfield code="$a">0104-7795</subfield>
</datafield>
<datafield tag="042" ind1=" " ind2=" ">
<subfield code="a">dc</subfield>
</datafield>
<datafield tag="245" ind1="0" ind2="0">
<subfield code="a">Acompanhamento da locomoção de pacientes com mielomeningocele da Associação de Assistência à Criança Deficiente (AACD) em São Paulo – SP, Brasil</subfield>
</datafield>  <datafield tag="720" ind1="1" ind2=" ">
<subfield code="a">Rocco, Fernanda Moraes</subfield>
<subfield code="u">Associação de Assistência à Criança Deficiente</subfield></datafield>
<datafield tag="720" ind1="1" ind2=" ">
<subfield code="a">Saito, Elizabete Tsubomi</subfield>
<subfield code="u">Associação de Assistência à Criança Deficiente</subfield></datafield>
<datafield tag="720" ind1="1" ind2=" ">
<subfield code="a">Fernandes, Antonio Carlos</subfield>
<subfield code="u">Associação de Assistência à Criança Deficiente</subfield></datafield>
<datafield tag="520" ind1=" " ind2=" ">
<subfield code="a"> Myelomeningocele (MMC) is a congenital malformation of the vertebral column and spinal cord, characterized by flaccid paraplegia and sensitive alteration below the lesion level, accompanied by neurological, urological and orthopedic impairment. The patients can be classified as thoracic (T), high lumbar (HL), low lumbar (LL) and sacral (S) or asymmetric. Objective: to describe the profile of the patients treated at the MMC Clinic of the Assistance Association to the Defective Child - AACD – SP, considering variables related to the gait pattern. Methods: review of files of the patients seen at the initial assessment during the year 2000, aged younger than one year and their follow-up until their last visit to clinic in the year 2004. Results: A total of 230 patients were seen at the initial assessment at the MMC Clinic of AACD - SP in the year 2000. Of these, 64 (27%) were younger than 1 year at the first assessment. Of these, 11% did not return to the Clinic after the initial assessment and two patients died. Mean age at the last visit to the Clinic was 3.5 years. When the neurological level at the return assessment was analyzed, we found: 43% of Thoracic level, 20% of High Lumbar level, 28% of Low Lumbar level, 2% Sacral level and 6% Asymmetric. When the gait pattern was analyzed, we observed that 57% of them were not ambulators, 7% were non-functional ambulators, 25% were home ambulators and 11% were community ambulators. Among the ambulating patients, the average age at the start of gait was 3 years. It is known that patients with lower neurological levels tend to maintain the gait for longer periods. As these patients tend to become less active and lose gait ability with the passing years (mainly due to obesity and orthopedic deformities), it is essential to study the age at acquisition of gait ability. When we analyzed the presence of orthopedic deformities in the column, we observed that 57% of the patients did not present deformities, 9% presented thoracolumbar scoliosis, 32% presented kyphosis and 1% presented hyperlordosis. Tethered spinal cord syndrome occurred in 36% of the patients. Conclusion: The higher functional levels are associated to a later acquisition of gait, as well as more orthopedic deformities and higher need for auxiliary means. </subfield>
</datafield>
<datafield tag="260" ind1=" " ind2=" ">
<subfield code="b">Faculdade de Medicina, Universidade de São Paulo</subfield>
</datafield>
<dataField tag="260" ind1=" " ind2=" ">
<subfield code="c">2007-09-09 00:00:00</subfield>
</dataField>   <datafield tag="856" ind1=" " ind2=" ">
<subfield code="q">application/pdf</subfield>
</datafield>
<datafield tag="856" ind1=" " ind2=" ">
<subfield code="q">application/pdf</subfield>
</datafield>
<datafield tag="856" ind1="4" ind2="0">
<subfield code="u">https://www.revistas.usp.br/actafisiatrica/article/view/102812</subfield>
</datafield>  <datafield tag="786" ind1="0" ind2=" ">
<subfield code="n">Acta Fisiátrica; v. 14 n. 3 (2007)</subfield>
</datafield>  <datafield tag="546" ind1=" " ind2=" ">
<subfield code="a">eng</subfield>
</datafield>   <datafield tag="540" ind1=" " ind2=" ">
<subfield code="a">Copyright (c) 2007 Acta Fisiátrica</subfield>
</datafield>
</record>
</metadata>
</record>