
<record>
<header>
<identifier>oai:revistas.usp.br:article/102813</identifier>
<datestamp>2020-08-15T21:50:06Z</datestamp>
<setSpec>actafisiatrica:Art.+Orig.</setSpec>
<setSpec>driver</setSpec>
</header>
<metadata>
<record xmlns="http://www.loc.gov/MARC21/slim" xmlns:xsi="http://www.w3.org/2001/XMLSchema-instance" xsi:schemaLocation="http://www.loc.gov/MARC21/slim http://www.loc.gov/standards/marcxml/schema/MARC21slim.xsd">
<leader>     nmb a2200000Iu 4500</leader>
<controlfield tag="008">"070909 2007                        eng  "</controlfield>
<datafield tag="022" ind1="#" ind2="#">
<subfield code="$a">2317-0190</subfield>
</datafield>
<datafield tag="022" ind1="#" ind2="#">
<subfield code="$a">0104-7795</subfield>
</datafield>
<datafield tag="042" ind1=" " ind2=" ">
<subfield code="a">dc</subfield>
</datafield>
<datafield tag="245" ind1="0" ind2="0">
<subfield code="a">Perfil dos pacientes com mielomeningocele da Associação de Assistência à Criança Deficiente (AACD) em São Paulo – SP, Brasil</subfield>
</datafield>  <datafield tag="720" ind1="1" ind2=" ">
<subfield code="a">Rocco, Fernanda Moraes</subfield>
<subfield code="u">Associação de Assistência à Criança Deficiente</subfield></datafield>
<datafield tag="720" ind1="1" ind2=" ">
<subfield code="a">Saito, Elizabete Tsubomi</subfield>
<subfield code="u">Associação de Assistência à Criança Deficiente</subfield></datafield>
<datafield tag="720" ind1="1" ind2=" ">
<subfield code="a">Fernandes, Antonio Carlos</subfield>
<subfield code="u">Associação de Assistência à Criança Deficiente</subfield></datafield>
<datafield tag="520" ind1=" " ind2=" ">
<subfield code="a"> Myelomeningocele (MMC) is the most frequent of the Neural Tube Defects, with 85% of the cases. The etiology is unknown, but it has genetic and environmental characteristics. The diagnosis can be achieved in the prenatal period through the morphological ultrasonography. The closing of the defect within the first hours after birth is recommended as well as the early control of hydrocephalus. Objective: To describe the profile of the patients treated at the Myelomeningocele Clinic of the Assistance Association to the Defective Child - AACD – SP and assess their clinical condition upon admission at the Institution, aiming at verifying whether the early diagnosis has been attained and improving treatment procedures. Methods: To review the files of patients seen at the initial assessment of the MMC Clinic of AACD – SP during the year of 2000, aged younger than one year. The information was obtained from patients’ files through a research protocol and consisted of personal data, neurological level at the first assessment, prenatal diagnosis, age at the closing of the defect and presence or absence of ventriculoperitoneal shunt (VPS). Results: A total of 230 patients were assessed in the year 2000. Of these, 64 (27%) were younger than 1 year at the initial assessment. Mean age at the initial evaluation was 5 months and 44% of the patients were females, whereas 56% were males. Diagnosis at the prenatal period had not been achieved in 37% of the patients. The closing of the defect was performed within the 24 hours after birth in 51% of the patients. Only 17% of the patients had not undergone VPS at the time of the initial assessment. The neurological assessment at the initial evaluation disclosed 35% thoracic, 29% high lumbar, 24% low lumbar, 11% asymmetric and no patient at the sacral level. Conclusion: The AACD - SP is a Reference Center in the treatment of MMC and this might account for the fact that the center receives a large number of children with higher functional levels. It is important to try to stimulate not only the prevention, but also the diagnosis and early treatment of this pathology, aiming at decreasing its impact on society. The lack of or late diagnosis of MMC was an expected finding in the present study, as the morphological ultrasound is not routinely performed in Basic Health Units in our country during the prenatal follow-up. The survival of patients with MMC has increased due to the early closing of the defect and hydrocephalus control through VPS, associated with posterior control of the neurogenic bladder. </subfield>
</datafield>
<datafield tag="260" ind1=" " ind2=" ">
<subfield code="b">Faculdade de Medicina, Universidade de São Paulo</subfield>
</datafield>
<dataField tag="260" ind1=" " ind2=" ">
<subfield code="c">2007-09-09 00:00:00</subfield>
</dataField>   <datafield tag="856" ind1=" " ind2=" ">
<subfield code="q">application/pdf</subfield>
</datafield>
<datafield tag="856" ind1=" " ind2=" ">
<subfield code="q">application/pdf</subfield>
</datafield>
<datafield tag="856" ind1="4" ind2="0">
<subfield code="u">https://www.revistas.usp.br/actafisiatrica/article/view/102813</subfield>
</datafield>  <datafield tag="786" ind1="0" ind2=" ">
<subfield code="n">Acta Fisiátrica; v. 14 n. 3 (2007)</subfield>
</datafield>  <datafield tag="546" ind1=" " ind2=" ">
<subfield code="a">eng</subfield>
</datafield>   <datafield tag="540" ind1=" " ind2=" ">
<subfield code="a">Copyright (c) 2007 Acta Fisiátrica</subfield>
</datafield>
</record>
</metadata>
</record>