
<record>
<header>
<identifier>oai:revistas.usp.br:article/102814</identifier>
<datestamp>2020-08-15T21:50:10Z</datestamp>
<setSpec>actafisiatrica:Art.+Orig.</setSpec>
<setSpec>driver</setSpec>
</header>
<metadata>
<record xmlns="http://www.loc.gov/MARC21/slim" xmlns:xsi="http://www.w3.org/2001/XMLSchema-instance" xsi:schemaLocation="http://www.loc.gov/MARC21/slim http://www.loc.gov/standards/marcxml/schema/MARC21slim.xsd">
<leader>     nmb a2200000Iu 4500</leader>
<controlfield tag="008">"070909 2007                        eng  "</controlfield>
<datafield tag="022" ind1="#" ind2="#">
<subfield code="$a">2317-0190</subfield>
</datafield>
<datafield tag="022" ind1="#" ind2="#">
<subfield code="$a">0104-7795</subfield>
</datafield>
<datafield tag="042" ind1=" " ind2=" ">
<subfield code="a">dc</subfield>
</datafield>
<datafield tag="245" ind1="0" ind2="0">
<subfield code="a">Avaliação do comprometimento neurológico e da prevalência da síndrome do túnel do carpo em pacientes portadores de diabetes mellitus tipo 2</subfield>
</datafield>  <datafield tag="720" ind1="1" ind2=" ">
<subfield code="a">Marciano, Lucia Helana Camargo</subfield>
<subfield code="u">Instituto Lauro de Souza Lima</subfield></datafield>
<datafield tag="720" ind1="1" ind2=" ">
<subfield code="a">Leite, Vilnei Mattioli</subfield>
<subfield code="u">Universidade Federal de São Paulo</subfield></datafield>
<datafield tag="720" ind1="1" ind2=" ">
<subfield code="a">Araújo, Pola Maria Poli de</subfield>
<subfield code="u">Universidade Federal de São Paulo</subfield></datafield>
<datafield tag="720" ind1="1" ind2=" ">
<subfield code="a">Garbino, José Antonio</subfield>
<subfield code="u">Instituto Lauro de Souza Lima</subfield></datafield>
<datafield tag="520" ind1=" " ind2=" ">
<subfield code="a"> Objective: to determine the frequency of the carpal tunnel syndrome (CTS) in patients with type 2 diabetes mellitus, verify whether it is associated with diabetic neuropathy (DN) and identify ways to recognize both by examining the upper limbs. Methods: The patients were submitted to anamnesis; the complaints were verified, tactile and vibratory sensitivity was evaluated, sensitive and motor nerve conduction (SMNC) was studied and Phalen’s test (PHT) was performed. The criteria for isolated CTS diagnosis were: alterations in the SMNC, complaints of paresthesia in the median nerve area and absence of either sensitive or motor alterations in the area of the ulnar nerve and lower extremities. Results: Of the 94 patients studied, 60 presented paresthesia. The SMNC study detected alterations in 88 patients (93.6%) and it was the most sensitive test. At the test to discriminate the two most static points (D2SP) we observed alterations in 47 patients and with the Semmes-Weinstein test detected alterations in 11 patients. Alterations were detected in 72 patients (76.6%) using the bioesthesiometer and in 04 patients using the diapason. PHT was positive in 33 patients. The correlation of the results showed that neural alterations were present in 92/94 patients; 11 patients presented alterations only in the median nerve and 81 patients presented combined alterations in the ulnar and median nerves. Only 4 patients presented CTS without subjacent neuropathy. Conclusions: The most sensitive tools were the bioesthesiometer and the D2SP. The neurophysiological examination demonstrated the presence of neuropathy subjacent to CTS. Clinical and neurophysiological criteria for CTS were presented by 31.91% of the patients; 27.66% with signs of subjacent neuropathy and 4.25% without diabetic neuropathy. Clinical criteria should be preponderant over the remaining tests and the neurophysiological test in order to characterize the carpal tunnel syndrome in the diabetic patient. </subfield>
</datafield>
<datafield tag="260" ind1=" " ind2=" ">
<subfield code="b">Faculdade de Medicina, Universidade de São Paulo</subfield>
</datafield>
<dataField tag="260" ind1=" " ind2=" ">
<subfield code="c">2007-09-09 00:00:00</subfield>
</dataField>   <datafield tag="856" ind1=" " ind2=" ">
<subfield code="q">application/pdf</subfield>
</datafield>
<datafield tag="856" ind1=" " ind2=" ">
<subfield code="q">application/pdf</subfield>
</datafield>
<datafield tag="856" ind1="4" ind2="0">
<subfield code="u">https://www.revistas.usp.br/actafisiatrica/article/view/102814</subfield>
</datafield>  <datafield tag="786" ind1="0" ind2=" ">
<subfield code="n">Acta Fisiátrica; v. 14 n. 3 (2007)</subfield>
</datafield>  <datafield tag="546" ind1=" " ind2=" ">
<subfield code="a">eng</subfield>
</datafield>   <datafield tag="540" ind1=" " ind2=" ">
<subfield code="a">Copyright (c) 2007 Acta Fisiátrica</subfield>
</datafield>
</record>
</metadata>
</record>