
<record>
<header>
<identifier>oai:revistas.usp.br:article/102817</identifier>
<datestamp>2020-08-15T21:50:51Z</datestamp>
<setSpec>actafisiatrica:Art.+Orig.</setSpec>
<setSpec>driver</setSpec>
</header>
<metadata>
<record xmlns="http://www.loc.gov/MARC21/slim" xmlns:xsi="http://www.w3.org/2001/XMLSchema-instance" xsi:schemaLocation="http://www.loc.gov/MARC21/slim http://www.loc.gov/standards/marcxml/schema/MARC21slim.xsd">
<leader>     nmb a2200000Iu 4500</leader>
<controlfield tag="008">"070909 2007                        eng  "</controlfield>
<datafield tag="022" ind1="#" ind2="#">
<subfield code="$a">2317-0190</subfield>
</datafield>
<datafield tag="022" ind1="#" ind2="#">
<subfield code="$a">0104-7795</subfield>
</datafield>
<datafield tag="042" ind1=" " ind2=" ">
<subfield code="a">dc</subfield>
</datafield>
<datafield tag="245" ind1="0" ind2="0">
<subfield code="a">Efeito do movimento passivo contínuo isocinético na hemiplegia espástica</subfield>
</datafield>  <datafield tag="720" ind1="1" ind2=" ">
<subfield code="a">Minutoli, Vanessa Pelegrino</subfield>
<subfield code="u">Universidade do Vale do Paraíba</subfield></datafield>
<datafield tag="720" ind1="1" ind2=" ">
<subfield code="a">Delfino, Marta</subfield>
<subfield code="u">Universidade do Vale do Paraíba</subfield></datafield>
<datafield tag="720" ind1="1" ind2=" ">
<subfield code="a">Freitas, Sérgio Takeshi Tatsukawa de</subfield>
<subfield code="u">Universidade do Vale do Paraíba</subfield></datafield>
<datafield tag="720" ind1="1" ind2=" ">
<subfield code="a">Lima, Mário Oliveira</subfield>
<subfield code="u">Universidade do Vale do Paraíba</subfield></datafield>
<datafield tag="720" ind1="1" ind2=" ">
<subfield code="a">Tortoza, Charli</subfield>
<subfield code="u">Universidade Estadual Paulista</subfield></datafield>
<datafield tag="720" ind1="1" ind2=" ">
<subfield code="a">Santos, Carlos Alberto dos</subfield>
<subfield code="u">Universidade Federal de São Paulo</subfield></datafield>
<datafield tag="520" ind1=" " ind2=" ">
<subfield code="a"> Cerebrovascular Accidents (CVA) often affect the central nervous system (CNS) function. The primary concern addressed in physical rehabilitation is the restoration of the motor function required to perform activities of daily living (ADL), such as grasping, reaching and performing complex movements. Motor tasks depend on the control of muscular strength, which is compromised by damage to the CNS and manifests as impaired coordination, hyperreflexia or spasticity and unilateral muscular weakness. Several methods are used to quantify spasticity. The isokinetic dynamometer seems to be a more effective device, as it allows for the standardization of joint angles, speed of stretching and positioning, in addition to minimizing the subjectivity of the evaluation. Therefore, our objective was to analyze the effect of the continuous passive mobilization at two speeds (120º/s and 180º/s) in hemiplegic patients with spasticity. Five patients of both sexes between 40 - 55 years old with a history of CVA and accompanying spasticity were enrolled in the study. All patients presented degree 2 spastic extensor muscles of the knee joint at the Modified Scale of Ashworth and degrees 0, 1 and 1+ flexor muscles at the same scale. All the individuals were submitted to continuous passive mobilization by an isokinetic dynamometer at speeds of 120º/second and 180º/second with 30 repetitions of each. The results showed a significant reduction of passive resistance after the 6th repetition, regardless of the angular velocities. We concluded that continuous passive mobilization by an isokinetic dynamometer is an effective way to quickly measure and reduce spasticity. </subfield>
</datafield>
<datafield tag="260" ind1=" " ind2=" ">
<subfield code="b">Faculdade de Medicina, Universidade de São Paulo</subfield>
</datafield>
<dataField tag="260" ind1=" " ind2=" ">
<subfield code="c">2007-09-09 00:00:00</subfield>
</dataField>   <datafield tag="856" ind1=" " ind2=" ">
<subfield code="q">application/pdf</subfield>
</datafield>
<datafield tag="856" ind1=" " ind2=" ">
<subfield code="q">application/pdf</subfield>
</datafield>
<datafield tag="856" ind1="4" ind2="0">
<subfield code="u">https://www.revistas.usp.br/actafisiatrica/article/view/102817</subfield>
</datafield>  <datafield tag="786" ind1="0" ind2=" ">
<subfield code="n">Acta Fisiátrica; v. 14 n. 3 (2007)</subfield>
</datafield>  <datafield tag="546" ind1=" " ind2=" ">
<subfield code="a">eng</subfield>
</datafield>   <datafield tag="540" ind1=" " ind2=" ">
<subfield code="a">Copyright (c) 2007 Acta Fisiátrica</subfield>
</datafield>
</record>
</metadata>
</record>