
<record>
<header>
<identifier>oai:revistas.usp.br:article/102819</identifier>
<datestamp>2020-08-15T21:50:18Z</datestamp>
<setSpec>actafisiatrica:Art.+Orig.</setSpec>
<setSpec>driver</setSpec>
</header>
<metadata>
<record xmlns="http://www.loc.gov/MARC21/slim" xmlns:xsi="http://www.w3.org/2001/XMLSchema-instance" xsi:schemaLocation="http://www.loc.gov/MARC21/slim http://www.loc.gov/standards/marcxml/schema/MARC21slim.xsd">
<leader>     nmb a2200000Iu 4500</leader>
<controlfield tag="008">"070909 2007                        eng  "</controlfield>
<datafield tag="022" ind1="#" ind2="#">
<subfield code="$a">2317-0190</subfield>
</datafield>
<datafield tag="022" ind1="#" ind2="#">
<subfield code="$a">0104-7795</subfield>
</datafield>
<datafield tag="042" ind1=" " ind2=" ">
<subfield code="a">dc</subfield>
</datafield>
<datafield tag="245" ind1="0" ind2="0">
<subfield code="a">Efeito da estimulação elétrica nervosa transcutânea (TENS) no tratamento de dor pós-cirúrgica após amputação de membro inferior: estudo piloto</subfield>
</datafield>  <datafield tag="720" ind1="1" ind2=" ">
<subfield code="a">Djurovic, Aleksandar</subfield>
</datafield>
<datafield tag="720" ind1="1" ind2=" ">
<subfield code="a">Ilic, Dejan</subfield>
<subfield code="u">Military Medical Academy</subfield></datafield>
<datafield tag="720" ind1="1" ind2=" ">
<subfield code="a">Brdareski, Zorica</subfield>
<subfield code="u">Military Medical Academy</subfield></datafield>
<datafield tag="720" ind1="1" ind2=" ">
<subfield code="a">Plavsic, Aleksandra</subfield>
<subfield code="u">Military Medical Academy</subfield></datafield>
<datafield tag="720" ind1="1" ind2=" ">
<subfield code="a">Djurdjevic, Slavisa</subfield>
<subfield code="u">Military Medical Academy</subfield></datafield>
<datafield tag="720" ind1="1" ind2=" ">
<subfield code="a">Lukovic, Gordana</subfield>
<subfield code="u">Military Medical Academy</subfield></datafield>
<datafield tag="520" ind1=" " ind2=" ">
<subfield code="a"> Transcutaneous electrical nerve stimulation (TENS) is a noninvasive, nonmedical modality.  Objective: To establish the role of TENS for the management of postoperative surgical pain after lower limb amputations. Methods: Randomized controlled trial, which included forty-six subjects who had undergone lower limb amputations, randomly divided into control and treatment group. The control group received standard postoperative care, whereas the treatment group received standard postoperative care plus TENS. Forty subjects successfully completed the study according to the study protocol. The majority of the individuals had undergone transtibial amputation due to complication of diabetes. Five TENS XL-A1 portable devices with four self-adhesive electrodes were used. This was the conventional TENS mode, characterized by the delivery of electrical impulses with a duration of 200 microseconds, frequency of 110 Hz, and amplitude of 44V. Treatment was carried out for 2 hours a day, during 10 days. The evaluation of TENS efficacy was performed using the horizontal VAS (0-100 mm). Student T test was used in the statistical analysis. Results: Pain intensity was significantly diminished in both groups at the tenth in comparison with the first postoperative day. Conclusion: Conventional TENS (dose: 200 microseconds, 110 Hz, 44V), administered two hours a day during ten days, significantly reduced postoperative surgical pain in twenty subjects who had undergone lower limb amputations. </subfield>
</datafield>
<datafield tag="260" ind1=" " ind2=" ">
<subfield code="b">Faculdade de Medicina, Universidade de São Paulo</subfield>
</datafield>
<dataField tag="260" ind1=" " ind2=" ">
<subfield code="c">2007-09-09 00:00:00</subfield>
</dataField>   <datafield tag="856" ind1=" " ind2=" ">
<subfield code="q">application/pdf</subfield>
</datafield>
<datafield tag="856" ind1="4" ind2="0">
<subfield code="u">https://www.revistas.usp.br/actafisiatrica/article/view/102819</subfield>
</datafield>  <datafield tag="786" ind1="0" ind2=" ">
<subfield code="n">Acta Fisiátrica; v. 14 n. 3 (2007)</subfield>
</datafield>  <datafield tag="546" ind1=" " ind2=" ">
<subfield code="a">eng</subfield>
</datafield>   <datafield tag="540" ind1=" " ind2=" ">
<subfield code="a">Copyright (c) 2007 Acta Fisiátrica</subfield>
</datafield>
</record>
</metadata>
</record>