
<record>
<header>
<identifier>oai:revistas.usp.br:article/102821</identifier>
<datestamp>2020-08-15T21:50:24Z</datestamp>
<setSpec>actafisiatrica:Art.+Orig.</setSpec>
<setSpec>driver</setSpec>
</header>
<metadata>
<record xmlns="http://www.loc.gov/MARC21/slim" xmlns:xsi="http://www.w3.org/2001/XMLSchema-instance" xsi:schemaLocation="http://www.loc.gov/MARC21/slim http://www.loc.gov/standards/marcxml/schema/MARC21slim.xsd">
<leader>     nmb a2200000Iu 4500</leader>
<controlfield tag="008">"070909 2007                        eng  "</controlfield>
<datafield tag="022" ind1="#" ind2="#">
<subfield code="$a">2317-0190</subfield>
</datafield>
<datafield tag="022" ind1="#" ind2="#">
<subfield code="$a">0104-7795</subfield>
</datafield>
<datafield tag="042" ind1=" " ind2=" ">
<subfield code="a">dc</subfield>
</datafield>
<datafield tag="245" ind1="0" ind2="0">
<subfield code="a">Hemorragia periventricular, intraventricular e mecanismos associados à lesão em recém-nascidos pré-termos</subfield>
</datafield>  <datafield tag="720" ind1="1" ind2=" ">
<subfield code="a">Marinho, Rodineia da Silva</subfield>
</datafield>
<datafield tag="720" ind1="1" ind2=" ">
<subfield code="a">Cardoso, Leyne de Andrade</subfield>
<subfield code="u">Universidade de São Paulo. Faculdade de Medicina</subfield></datafield>
<datafield tag="720" ind1="1" ind2=" ">
<subfield code="a">Idalgo, Geísa Fernandes</subfield>
<subfield code="u">Universidade de São Paulo. Faculdade de Medicina</subfield></datafield>
<datafield tag="720" ind1="1" ind2=" ">
<subfield code="a">Jucá, Sueli Satie Hamada</subfield>
<subfield code="u">Universidade de São Paulo. Faculdade de Medicina</subfield></datafield>
<datafield tag="520" ind1=" " ind2=" ">
<subfield code="a"> The main purpose of this review was to analyze the incidence of periventricular, intraventricular hemorrhage (PIVH) and associated mechanisms such as periventricular leukomalacia (PVL) and post-hemorrhagic hydrocephalus in preterm newborns. The data were obtained at the Division of Rehabilitation Medicine (DMR- HCFMUSP), Umarizal Rehabilitation Center, from January 2004 to July 2005 and compared to the specialized literature. Each patient was thoroughly analyzed and the following variables were correlated: age at the triage, diagnosis, gestational age at birth, birth weight, etiology and gender. The results were significant for some variables: 46% (13) were aged 1 to 2 years at the triage; 14% (4) had a diagnosis of PIVH and 46% (13) of PVL; 32% (9) had gestational age of 24 to 26 weeks at birth; 36% (10) had birth weight of 2,000 to 3,000g; 30% (8) presented an etiology of sepsis and 75% (21) of the patients were males. Considering the data obtained, a multidisciplinary intervention is important to improve survival of these at-risk or impaired newborns through preventive actions, by providing adequate stimulation, averting further damage and allowing maximum development of the child’s potential. </subfield>
</datafield>
<datafield tag="260" ind1=" " ind2=" ">
<subfield code="b">Faculdade de Medicina, Universidade de São Paulo</subfield>
</datafield>
<dataField tag="260" ind1=" " ind2=" ">
<subfield code="c">2007-09-09 00:00:00</subfield>
</dataField>   <datafield tag="856" ind1=" " ind2=" ">
<subfield code="q">application/pdf</subfield>
</datafield>
<datafield tag="856" ind1=" " ind2=" ">
<subfield code="q">application/pdf</subfield>
</datafield>
<datafield tag="856" ind1="4" ind2="0">
<subfield code="u">https://www.revistas.usp.br/actafisiatrica/article/view/102821</subfield>
</datafield>  <datafield tag="786" ind1="0" ind2=" ">
<subfield code="n">Acta Fisiátrica; v. 14 n. 3 (2007)</subfield>
</datafield>  <datafield tag="546" ind1=" " ind2=" ">
<subfield code="a">eng</subfield>
</datafield>   <datafield tag="540" ind1=" " ind2=" ">
<subfield code="a">Copyright (c) 2007 Acta Fisiátrica</subfield>
</datafield>
</record>
</metadata>
</record>