
<record>
<header>
<identifier>oai:revistas.usp.br:article/102824</identifier>
<datestamp>2020-08-15T21:50:28Z</datestamp>
<setSpec>actafisiatrica:Art.+Orig.</setSpec>
<setSpec>driver</setSpec>
</header>
<metadata>
<record xmlns="http://www.loc.gov/MARC21/slim" xmlns:xsi="http://www.w3.org/2001/XMLSchema-instance" xsi:schemaLocation="http://www.loc.gov/MARC21/slim http://www.loc.gov/standards/marcxml/schema/MARC21slim.xsd">
<leader>     nmb a2200000Iu 4500</leader>
<controlfield tag="008">"070909 2007                        eng  "</controlfield>
<datafield tag="022" ind1="#" ind2="#">
<subfield code="$a">2317-0190</subfield>
</datafield>
<datafield tag="022" ind1="#" ind2="#">
<subfield code="$a">0104-7795</subfield>
</datafield>
<datafield tag="042" ind1=" " ind2=" ">
<subfield code="a">dc</subfield>
</datafield>
<datafield tag="245" ind1="0" ind2="0">
<subfield code="a">Treino de marcha com suporte parcial de peso em esteira ergométrica e estimulação elétrica funcional em hemiparéticos</subfield>
</datafield>  <datafield tag="720" ind1="1" ind2=" ">
<subfield code="a">Beinotti, Fernanda</subfield>
<subfield code="u">Universidade Estadual de Campinas</subfield></datafield>
<datafield tag="720" ind1="1" ind2=" ">
<subfield code="a">Fonseca, Carla Prazeres</subfield>
<subfield code="u">Universidade Estadual de Campinas</subfield></datafield>
<datafield tag="720" ind1="1" ind2=" ">
<subfield code="a">Silva, Maria do Carmo</subfield>
<subfield code="u">Universidade Estadual de Campinas</subfield></datafield>
<datafield tag="720" ind1="1" ind2=" ">
<subfield code="a">Gaspar, Maria Izabel Fernandes de Arruda Serra</subfield>
<subfield code="u">Universidade Estadual de Campinas</subfield></datafield>
<datafield tag="720" ind1="1" ind2=" ">
<subfield code="a">Cacho, Enio Walker Azevado</subfield>
<subfield code="u">Universidade Estadual de Campinas</subfield></datafield>
<datafield tag="720" ind1="1" ind2=" ">
<subfield code="a">Oberg, Telma Dagmar</subfield>
<subfield code="u">Universidade Estadual de Campinas</subfield></datafield>
<datafield tag="520" ind1=" " ind2=" ">
<subfield code="a"> The loss of the ambulation capacity in individuals with Cerebrovascular Accidents (CVA) has been attributed to hemiparesis, the most frequent cause of post-CVA impairment. New approaches, such as the bodyweight supported treadmill training (BWSTT) associated with functional electrical stimulation (FES), have been suggested as a gait rehabilitation method for hemiparetic patients. Objective: The aim of the present study was to evaluate the efficacy of the BWSTT associated to FES in hemiparetic patients. Methods: Fourteen individuals with hemiparesis due to CVA were randomly selected. The Fugl-Meyer Assessment of Sensorimotor Impairment (Fugl-Meyer Scale), the Berg Balance Scale, the Functional Ambulation Category Scale and the cadence assessment were used as measurement tools. The study subjects underwent four evaluations: the first (control) carried out before and the second (pretreatment) after the conventional physical therapy, the third (post-treatment) after the BWSTT associated to FES (20 sessions) and the fourth (retention), 30 days after the end of the treatment. Results: The proposed training showed a significant improvement (p&gt;0.05) in gait velocity, cadence, balance and motor impairment level and the results persisted 30 days after the end of the treatment. Conclusion: The BWSTT associated with FES is effective for gait rehabilitation in hemiparetic individuals. </subfield>
</datafield>
<datafield tag="260" ind1=" " ind2=" ">
<subfield code="b">Faculdade de Medicina, Universidade de São Paulo</subfield>
</datafield>
<dataField tag="260" ind1=" " ind2=" ">
<subfield code="c">2007-09-09 00:00:00</subfield>
</dataField>   <datafield tag="856" ind1=" " ind2=" ">
<subfield code="q">application/pdf</subfield>
</datafield>
<datafield tag="856" ind1=" " ind2=" ">
<subfield code="q">application/pdf</subfield>
</datafield>
<datafield tag="856" ind1="4" ind2="0">
<subfield code="u">https://www.revistas.usp.br/actafisiatrica/article/view/102824</subfield>
</datafield>  <datafield tag="786" ind1="0" ind2=" ">
<subfield code="n">Acta Fisiátrica; v. 14 n. 3 (2007)</subfield>
</datafield>  <datafield tag="546" ind1=" " ind2=" ">
<subfield code="a">eng</subfield>
</datafield>   <datafield tag="540" ind1=" " ind2=" ">
<subfield code="a">Copyright (c) 2007 Acta Fisiátrica</subfield>
</datafield>
</record>
</metadata>
</record>
<resumptionToken expirationDate="2023-08-08T14:50:01Z" completeListSize="935" cursor="225">4dacda639911bd57c87151e6e67ed2e5</resumptionToken>
</ListRecords>
</OAI-PMH> 